@book{book:mengenlehre,
	Year = {2004},
	Title = {Einführung in die Mengenlehre, Die Mengenlehre Georg Cantors und ihre Axiomatisierung durch Ernst Zermelo},
	Publisher = {Springer},
	Author = {Oliver Deiser},
	Note = {2.Auflage}
}

@book{book:hardware:pc,
	Year = {2003},
	Title = {PC-Hardwarebuch Aufbau, Funktionsweise, Programmierung Ein Handbuch nicht nur für Profis},
	Publisher = {Addison-Wesley},
	Author = {Hans-Peter Messmer, Klaus Dembowski},
	Note = {7.Auflage}
}

@misc{internet:cpu,
	Key = {CPU},
	Title = {CPU},
	Url = {http://de.wikipedia.org/wiki/Central_Processing_Unit},
	Note = {\urlg{http://de.wikipedia.org/wiki/Central_Processing_Unit}{19. Februar 2011}}
}

@misc{internet:zuse3,
	Key = {Zuse 3},
	Title = {Zuse 3},
	Url = {http://www.zib.de/zuse/Inhalt/Programme/Simulationen/Z3_Sim/architektur.html},
	Note = {\urlg{http://www.zib.de/zuse/Inhalt/Programme/Simulationen/Z3_Sim/architektur.html}{19. Februar 2011}}
}

@misc{internet:relais,
	Key = {Relais},
	Title = {Relais},
	Url = {http://de.wikipedia.org/wiki/Relais},
	Note = {\urlg{http://de.wikipedia.org/wiki/Relais}{19. Februar 2011}}
}
@misc{internet:transistor,
	Key = {Transistor},
	Title = {Transistor},
	Url = {http://de.wikipedia.org/wiki/Transistor},
	Note = {\urlg{http://de.wikipedia.org/wiki/Transistor}{21. Februar 2011}}
}
%TODO VERWENDEN
@misc{internet:arstechnica,
	Key = {Arstechnica RAM Guide},
	Title = {Arstechnica RAM Guide},
	Url = {http://arstechnica.com/paedia/r/ram_guide/ram_guide.part1-1.html},
	Note = {\urlg{http://arstechnica.com/paedia/r/ram_guide/ram_guide.part1-1.html}{21. Februar 2011}}
}

%TODO nen gescheiten typen angeben
@book{book:memory,
	Year = {November 21, 2007},
	Title = {What Every Programmer Should Know About Memory},
	Author = {Ulrich Drepper},
	Note = {Version 1.0}
}
